@article{PotentialModels,
author = "Bykov, A. A. et al.", 
year = {1984},
volume = {27},
number = {5},
title={Potential Models of Quarkonium},
publisher = {American Institure of Physics, doi: 10.1070/PU1984v027n05ABEH004291}
}

@article{DiscoveryQuarks,
author = "Riordan, M.", 
year = {1992},
volume = {256},
issue = {5061},
pages = {1287-1293},
title={The Discovery of Quarks},
publisher = {Science},
doi = {doi: 10.1126/science.256.5061.1287}
}

@article{RichardsonPaper,
author = "Fulcher, L. P.", 
year = {1990},
volume = {42},
number = {7},
title={Long-range spin-orbit potential, Gromes s consistency condition,
Richardson's potential, and properties of heavy quarkonium systems},
publisher = {Physical Review},
doi = {https://doi.org/10.1103/PhysRevD.42.2337}
}

@article{BhRoPaper,
author = "Bhanot, G. Rudaz, S.", 
year = {1978},
volume = {78B},
number = {1},
title={A New Potential For Quarkonium},
publisher = {Physics Letters},
doi={https://doi.org/10.1016/0370-2693(78)90362-3}
}

@article{CornellPaper,
author = "Soni, N. R. et al.", 
year = {2018},
volume = {78},
number = {592},
title={$Q \overline{Q}$ ($Q \in {b, c}$) spectroscopy using the Cornell potential},
publisher = {The European Physical Journal},
doi = { https://doi.org/10.1140/epjc/s10052-018-6068-6}
}


@article{ColoumbonicValidPaper,
author = "Brambilla, B. Vairo, A.", 
year = {1999},
title={Quark Confinement and the Hadron Spectrum},
publisher = {arXiv},
doi = {10.48550/ARXIV.HEP-PH/9904330}
}

@article{MartinPaper,
author = "Martin, A.", 
year = {1981},
title={A Simultaneous fit of $b\overline{b}, c\overline{c}, s\overline{s}$ (bcs Pairs) and $c\overline{c}$ spectra},
publisher = {arXiv},
doi = {10.48550/ARXIV.HEP-PH/9904330}
}

@article{QuiggPaper,
author = "Quigg, C. Rosner, J. L.", 
year = {1979},
title={Quantum mechanics with applications to quarkonium},
publisher = {Physics Reports},
volume = {56},
number = {4},
pages = {167-235},
doi = {https://doi.org/10.1016/0370-1573(79)90095-4},
url = {https://www.sciencedirect.com/science/article/pii/0370157379900954},
}

@misc{pdg,
author = "Zyla, P. A. et al.",
title = {{Particle Data Group}},
howpublished = {https://pdg.lbl.gov/},
note = {Accessed: March 21, 2023}
}

@article{BottomPaper,
  title = {Observation of a Dimuon Resonance at 9.5 GeV in 400-GeV Proton-Nucleus Collisions},
  author = "Herb, S. W. et al.",
  journal = {Phys. Rev. Lett.},
  volume = {39},
  issue = {5},
  pages = {252-255},
  year = {1977},
  month = {Aug},
  publisher = {American Physical Society},
  doi = {10.1103/PhysRevLett.39.252},
  url = {https://link.aps.org/doi/10.1103/PhysRevLett.39.252}
}

@article{BNLPaper,
  title = {Experimental Observation of a Heavy Particle $J$},
  author = "Aubert, J. J. et al",
  journal = {Phys. Rev. Lett.},
  volume = {33},
  issue = {23},
  pages = {1404-1406},
  year = {1974},
  publisher = {American Physical Society},
  doi = {10.1103/PhysRevLett.33.1404},
  url = {https://link.aps.org/doi/10.1103/PhysRevLett.33.1404}
}

@article{SLACPaper,
  title = {Discovery of a Narrow Resonance in ${e}^{+}{e}^{\ensuremath{-}}$ Annihilation},
  author = "Augustin, J. -E. et al",
  journal = {Phys. Rev. Lett.},
  volume = {33},
  issue = {23},
  pages = {1406--1408},
  year = {1974},
  publisher = {American Physical Society},
  doi = {10.1103/PhysRevLett.33.1406},
  url = {https://link.aps.org/doi/10.1103/PhysRevLett.33.1406}
}

@article{Kher_2019,
author = "Kher, V. Rai, A. K.",
doi = {10.1088/1674-1137/42/8/083101},
url = {https://dx.doi.org/10.1088/1674-1137/42/8/083101},
year = {2018},
month = {jul},
publisher = {Chinese Physical Society and the Institute of High Energy Physics of the Chinese Academy of Sciences and the Institute of Modern Physics of the Chinese Academy of Sciences and IOP Publishing Ltd},
volume = {42},
number = {8},
pages = {083101},
title = {Spectroscopy and decay properties of charmonium},
journal = {Chinese Physics C}
}

@article{Yuan_2021.,
    author = "Yuan, C.",
    title = "{Charmonium and charmoniumlike states at the BESIII experiment}",
    journal = {National Science Review},
    volume = {8},
    number = {11},
    year = {2021},
    month = {10},
    issn = {2095-5138},
    doi = {10.1093/nsr/nwab182},
    url = {https://doi.org/10.1093/nsr/nwab182},
    note = {nwab182},
}

@book{donoghue, 
place={Cambridge}, 
series={Cambridge Monographs on Particle Physics, Nuclear Physics and Cosmology}, 
title={Hadron spectroscopy}, 
doi={10.1017/CBO9780511524370.014}, 
title={Dynamics of the Standard Model}, 
publisher={Cambridge University Press}, 
author={Donoghue, J. F. et al.},
year={1992}, 
pages={350â€“381}, 
collection={Cambridge Monographs on Particle Physics, Nuclear Physics and Cosmology}
}




